<record><leader>00000cas a22000007a 4500</leader><controlfield tag="001">18385724</controlfield><controlfield tag="008">880822d1877188ulauwr         0    0eng d</controlfield><datafield ind1=" " ind2=" " tag="010"><subfield code="a">sn 88064606 </subfield></datafield><datafield ind1=" " ind2=" " tag="040"><subfield code="a">LNP</subfield><subfield code="b">eng</subfield><subfield code="c">LNP</subfield><subfield code="d">LNP</subfield><subfield code="d">OCLCQ</subfield><subfield code="d">OCLCF</subfield><subfield code="d">OCLCO</subfield></datafield><datafield ind1=" " ind2=" " tag="042"><subfield code="a">msc</subfield></datafield><datafield ind1=" " ind2=" " tag="043"><subfield code="a">n-us-la</subfield></datafield><datafield ind1="0" ind2="4" tag="245"><subfield code="a">The St. Bernard weekly eagle.</subfield></datafield><datafield ind1="3" ind2="0" tag="246"><subfield code="a">Saint Bernard weekly eagle</subfield></datafield><datafield ind1="1" ind2="3" tag="246"><subfield code="a">Weekly eagle</subfield></datafield><datafield ind1=" " ind2=" " tag="260"><subfield code="a">St. Bernard Parish, La. :</subfield><subfield code="b">A.J. Padron</subfield></datafield><datafield ind1=" " ind2=" " tag="300"><subfield code="a">v.</subfield></datafield><datafield ind1=" " ind2=" " tag="310"><subfield code="a">Weekly</subfield></datafield><datafield ind1="1" ind2=" " tag="362"><subfield code="a">Began with Oct. 20, 1877 issue?</subfield><subfield code="z">Cf. Louisiana Newspapers, 1794-1940.</subfield></datafield><datafield ind1=" " ind2=" " tag="500"><subfield code="a">"Official journal of St. Bernard Parish."</subfield></datafield><datafield ind1=" " ind2=" " tag="588"><subfield code="a">Description based on: Vol. 4, no. 4 (Nov. 13, 1880).</subfield></datafield><datafield ind1=" " ind2="0" tag="651"><subfield code="a">Saint Bernard (La.)</subfield><subfield code="v">Newspapers.</subfield></datafield><datafield ind1=" " ind2="0" tag="651"><subfield code="a">Saint Bernard Parish (La.)</subfield><subfield code="v">Newspapers.</subfield></datafield><datafield ind1=" " ind2="7" tag="655"><subfield code="a">Newspapers.</subfield><subfield code="2">fast</subfield><subfield code="0">(OCoLC)fst01423814</subfield></datafield><datafield ind1=" " ind2="7" tag="651"><subfield code="a">Louisiana</subfield><subfield code="z">Saint Bernard.</subfield><subfield code="2">fast</subfield><subfield code="0">(OCoLC)fst01256190</subfield></datafield><datafield ind1=" " ind2="7" tag="651"><subfield code="a">Louisiana</subfield><subfield code="z">Saint Bernard Parish.</subfield><subfield code="2">fast</subfield><subfield code="0">(OCoLC)fst01217972</subfield></datafield><datafield ind1=" " ind2=" " tag="752"><subfield code="a">United States</subfield><subfield code="b">Louisiana</subfield><subfield code="c">Saint Bernard.</subfield></datafield><datafield ind1="0" ind2="0" tag="785"><subfield code="t">St. Bernard eagle</subfield><subfield code="w">(DLC)sn 88064605</subfield></datafield></record>